@misc{covapp,
	author = {Donny Kristianto},
	title = {{Mobile App Usage Surged 40\% During COVID-19 Pandemic}},
	howpublished = "\url{https://www.appannie.com/en/insights/market-data/mobile-app-usage-surged-40-during-covid-19-pandemic/}",
	note = "[Online, 23.11.2020]"
}
@misc{fuelio,
	title = {{Strona aplikacji Fuelio}},
	howpublished = "\url{https://play.google.com/store/apps/details?id=com.kajda.fuelio&hl=pl&gl=US}",
	note = "[Online, 23.11.2020]"
}
@misc{drivvo,
	title = {{Strona aplikacji Drivvo}},
	howpublished = "\url{https://play.google.com/store/apps/details?id=br.com.ctncardoso.ctncar&hl=pl&gl=US}",
	note = "[Online, 23.11.2020]"
}
@misc{motolog,
	title = {{Strona aplikacji Motolog}},
	howpublished = "\url{https://play.google.com/store/apps/details?id=pl.gswierczynski.motolog&hl=pl&gl=US}",
	note = "[Online, 23.11.2020]"
}
@misc{mojeauto,
	title = {{Strona aplikacji Moje Auto}},
	howpublished = "\url{https://play.google.com/store/apps/details?id=com.kineapps.mycar&hl=pl&gl=US}",
	note = "[Online, 23.11.2020]"
}

@misc{etapyprojektowania,
	author = {Krzysztof Wojewodzic},
	title = {{Etapy projektowania aplikacji mobilnej i jak tym zarządzać}},
	howpublished = "\url{https://gomobi.pl/blogi/etapy-projektowania-aplikacji-mobilnej-i-jak-tym-zarzadzac/}",
	note = "[Online, 10.12.2020]"
}

@misc{uxuidesign,
	author = {Piotr Marszałkowski},
	title = {{UX vs UI – Czym się różni UX Design od UI Design?}},
	howpublished = "\url{https://ux.marszalkowski.org/ux-vs-ui-czym-sie-rozni-ux-design-od-ui-design/}",
	note = "[Online, 10.12.2020]"
}

@misc{zaletyux,
	author = {Marcin Kordowski},
	title = {{Jak stworzyć makietę UX HiFi?}},
	howpublished = "\url{https://ux.marszalkowski.org/jak-stworzyc-makiete-ux/}",
	note = "[Online, 10.12.2020]"
}

@misc{zasadyprojektowania,
	author = {Marcin Kordowski},
	title = {{Projektowanie aplikacji mobilnych 11 kluczowych zasad}},
	howpublished = "\url{https://marcinkordowski.com/11-kluczowych-zasad-projektowania-aplikacji-mobilnych/}",
	note = "[Online, 10.12.2020]"
}

@misc{uninstallingapps,
	title = {{Why Users Uninstall Your Mobile App?}},
	howpublished = "\url{https://www.dotcominfoway.com/blog/infographic-why-users-uninstall-your-app/\#gref}",
	note = "[Online, 12.12.2020]"
}


@misc{androidfoto,
	title = {{System operacyjny Android}},
	howpublished = "\url{https://pl.qaz.wiki/wiki/Android_(operating_system)}",
	note = "[Online, 07.12.2020]"
}

@misc{androidinfo,
	author = {Jastrzębski, P. and Laskowski, P. and Szarliński, M. and Turski, T.},
	title = {{Systemy operacyjne na urządzenia mobilne}},
	year = {2009},
	howpublished = "\url{https://students.mimuw.edu.pl/SO/Projekt08-09/temat5-g7/comment.pdf}",
	note = "[Online, 07.12.2020]"
}

@misc{kotlinfeatures,
	title = {{Kotlin vs Java: Which is Better for Android App Development?}},
	howpublished = "\url{https://www.xenonstack.com/blog/kotlin-andriod/\#:~:text=Kotlin\%20Application\%20Deployment\%20is\%20faster,be\%20executed\%20in\%20the\%20JVM.}",
	note = "[Online, 08.12.2020]"
}

@misc{kotlinusage,
	title = {{Android’s Kotlin-first approach}},
	howpublished = "\url{https://developer.android.com/kotlin/first}",
	note = "[Online, 08.12.2020]"
}

@misc{sqlite,
	title = {{SQLite}},
	howpublished = "\url{https://pl.wikipedia.org/wiki/SQLite}",
	note = "[Online, 09.12.2020]"
}

@misc{androidstudioinfo,
	title = {{Android Studio}},
	howpublished = "\url{https://android-studio.en.uptodown.com/windows}",
	note = "[Online, 09.12.2020]"
}

@misc{androidsdk,
	title = {{Wikipedia -- Android SDK}},
	howpublished = "\url{https://pl.wikipedia.org/wiki/Android_SDK}",
	note = "[Online, 09.12.2020]"
}

@misc{gradle,
	title = {{What is Gradle?}},
	howpublished = "\url{https://docs.gradle.org/current/userguide/what_is_gradle.html}",
	note = "[Online, 09.12.2020]"
}

@misc{gradlesamouczek,
	title = {{Wstęp do Gradle}},
	howpublished = "\url{https://www.samouczekprogramisty.pl/wstep-do-gradle/}",
	note = "[Online, 09.12.2020]"
}

@misc{adobexd,
	title = {{Wstęp do Gradle}},
	howpublished = "\url{https://en.wikipedia.org/wiki/Adobe_XD}",
	note = "[Online, 09.12.2020]"
}