@misc{ai,
author = {Oskar Pacelt},
title = {{Sztuczna inteligencja a przyszłość ludzkości}},
howpublished = "\url{https://botland.com.pl/blog/sztuczna-inteligencja-a-przyszlosc-ludzkosci/}",
note = "[Online, 07.01.2020]"
}

@misc{computervision,
title = {{Computer Vision - What it is and why it matters}},
howpublished = "\url{https://www.sas.com/pl_pl/insights/analytics/computer-vision.html}",
note = "[Online, 09.03.2021]"
}

@misc{fDetection,
author = {Corinne Bernstein},
title = {{Face Detection}},
howpublished = "\url{https://searchenterpriseai.techtarget.com/definition/face-detection}",
note = "[Online, 02.2020]"
}

@Article{Yang,
author = {Ming-Hsuan Yang and David Kriegman and Narendra Ahuja},
title = {Detecting Faces in Images: A Survey},
journal = {Institute of Electrical and Electronics Engineers},
year = {2002},
volume = {24},
number = {1},
pages = {35, 36}
}

@misc{haarCascade,
title = {{Cascade Classifier}},
howpublished = "\url{https://docs.opencv.org/3.4/db/d28/tutorial_cascade_classifier.html}",
note = "[Online]"
}

@misc{triangulation,
title = {{Triangulacja}},
howpublished = "\url{https://pl.wikipedia.org/wiki/Triangulacja_(matematyka)}",
note = "[Online, 18.02.2020]"
}

@misc{tDelone,
title = {{Delaunay triangulation}},
howpublished = "\url{https://en.wikipedia.org/wiki/Delaunay_triangulation}",
note = "[Online, 15.11.2021]"
}

@misc{deepfake,
author = {Sally Adee},
title = {{What Are Deepfakes and How Are They Created? Deepfake technologies: What they are, what they do, and how they’re made}},
howpublished = "\url{https://spectrum.ieee.org/what-is-deepfake}",
note = "[Online, 29.04.2020]"
}

@misc{womboai,
title = {{Aplikacja Wombo.ai}},
howpublished = "\url{https://play.google.com/store/apps/details?id=com.womboai.wombo&hl=pl&gl=US}",
note = "[Online, 10.11.2021]"
}

@misc{anyface,
title = {{Aplikacja Anyface}},
howpublished = "\url{https://play.google.com/store/apps/details?id=com.friendzy.Pereface}",
note = "[Online, 26.02.2021]"
}

@misc{motionportrait,
title = {{Aplikacja MotionPortrait}},
howpublished = "\url{https://play.google.com/store/apps/details?id=com.motionportrait.MotionPortrait&hl=pl&gl=US}",
note = "[Online, 07.11.2019]"
}






% @Book{Lam92,
% author = {Lamport, L.},
% title = {LaTeX system przygotowywania dokumentów},
% publisher = {Wydawnictwo Ariel},
% year = {1992},
% address = {Kraków},

% langid = {polish},
% }

% @Book{Dil00,
% author = {Diller, A.},
% title = {LaTeX wiersz po wierszu},
% publisher = {Wydawnictwo Helion},
% year = {2000},
% address = {Gliwice},

% langid = {polish},
% }


% @Manual{ARM06,
% title = {Ada Reference Manual {ISO}/{IEC} 8652:200y({E}) {E}d. 3},
% organization = {Ada Europe},
% year = {2006}
% }

% @Article{BuDo03,
% author = {Burns, A. and Dobbing, B.},
% title = {The {R}avenscar {P}rofile for Real--Time and High Integrity Systems},
% journal = {Cross{T}alk},
% year = {2003},
% volume = {16},
% number = {11},
% pages = {9--12}
% }



% @InProceedings{PeDa04,
% author = {Peleska, J. and Große, D. and Haxthausen, A. E. and Drechsler, R.},
% title = {Automated Verification for Train Control Systems},
% booktitle = {Proc. of the 5th Symposium on Formal Methods for Automation and Safety in Railway and Automotive Systems (FORMS/FORMAT 2004)},
% year = {2004},
% pages = {252--265},
% address = {Braunschweig, Germany},
% month = {December}
% }

% @TechReport{BuDoVa03,
% author = {Burns, A. and Dobbing, B. and Vardanega, T.},
% title = {Guide for the Use of the Ada Ravenscar Profile in High Integrity Systems},
% institution = {University of York},
% year = {2003},
% number = {YCS-2003-348}
% }



% @manual{Alvis2011,
% 	organization = {AGH University of Science and Technology},
% 	year = {2011},
% 	title = {{On Line Alvis Manual}},
% 	note = {\\\texttt{http://fm.ia.agh.edu.pl/alvis:manual}},
% 	author = {Szpyrka, M.},

% 	langid = {english},
% }
